/home/sudsin/Copy/MathMods/Sem4-UAQ-Thesis/Thesis/_data/149F54D6B61BXMPSEEX0VVFFUSLIN7JBDLE3/default_files/Thesis.bib